@misc{bandinabox,
 author = "Peter Gannon",
 title = "Band-in-a-Box",
 howpublished = "PG Music, Inc.",
 address = "Hamilton, Ontario",
 year = 1990
}

@ARTICLE{GibbsSampling,
	author={Geman, Stuart and Geman, Donald},
	journal={IEEE Transactions on Pattern Analysis and Machine Intelligence}, 
	title={Stochastic Relaxation, Gibbs Distributions, and the Bayesian Restoration of Images}, 
	year={1984},
	volume={6},
	pages={721-741},
	hide-doi={10.1109/TPAMI.1984.4767596},
	EOE=""
}

@article{FernandezVico2013,
	title={AI Methods in Algorithmic Composition: A Comprehensive Survey},
	volume={48},
	hide-url={http://dx.doi.org/10.1613/jair.3908},
	-hideDOI={10.1613/jair.3908},
	journal={Journal of Artificial Intelligence Research},
	publisher={AI Access Foundation},
	author={Fernandez, J.D. and Vico, F.},
	year={2013},
	month={Nov},
	pages={513–582}
}

@book{KoechelVZ,
	author = {{Köchelverzeichnis,} {KV}},
	title = {Chronologisch-thematisches Verzeichnis sämtlicher Tonwerke Wolfgang Amade Mozarts. Nebst Angabe der verloren gegangenen, angefangenen, übertragenen, zweifelhaften und unterschobenen Compositionen desselben},
	publisher = {Breitkopf \& Härtel},
	address = {Wiesbaden},
	year = {1862/1965},
	EOE=""
}

@InProceedings{DeepBach,
	title = 	 {{D}eep{B}ach: a Steerable Model for {B}ach Chorales Generation},
	author =       {Ga{\"e}tan Hadjeres and Fran{\c{c}}ois Pachet and Frank Nielsen},
	booktitle = 	 {Proceedings of the 34th International Conference on  Learning},
	pages = 	 {1362--1371},
	year = 	 {2017},
	editor = 	 {Precup, Doina and Teh, Yee Whye},
	volume = 	 {70},
	series = 	 {Proceedings of Machine Learning Research},
	publisher =    {PMLR},
	hide-pdf = 	 {http://proceedings.mlr.press/v70/hadjeres17a/hadjeres17a.pdf},
	hide-url = 	 {http://proceedings.mlr.press/v70/hadjeres17a.html},
	EOE=""
}

@book{Cope96,
  author = {David Cope},
  publisher = {A-R Editions, Inc.},
  address = {Madison},
  title = {Experiments in Musical Intelligence},
  year = 1996
}

@book{CHORAL_report,
	author = {Kemal Ebcio\u{g}lu},
	title = {Report On The CHORAL Project:
	An Expert System For Harmonizing Four-Part Chorales},
	note = {Technical Report},
	publisher = {IBM Research Division},
	year = {1986}
}

@phdthesis{SPECS,
	author = {Anna Katerina Jordanous},
	title = {{Evaluating Computational Creativity: A Standardised Procedure for Evaluating Creative Systems and its Application}},
	school = {Department of Informatics, University of Sussex},
	year = {2012},
	month = {12},
	hide-url = {http://sro.sussex.ac.uk/44741/1/Jordanous,_Anna_Katerina.pdf},
	hide-note = {\accessedOn},
	EOE=""
}

@book{DL4music,
	title = {Deep Learning Techniques for Music Generation},
	author = {Jean-Pierre Briot and Gaëtan Hadjeres and François-David Pachet},
	year = {2020},
	publisher = {Springer},
	EOE=""
}

@inproceedings{GenJam1994,
	author = "John Al Biles",
	title = "GenJam: A Genetic Algorithm for Generating Jazz Solos",
	year = 1994,
	booktitle =  "Proceedings of the International Computer Music Conference (ICMC 1994)",
	publisher = "International Computer Association",
	address = "San Francisco, USA",
	pages = "131--137"
}

@book{HillerIssacson1959,
	title = {Experimental Music -- Composition with an electronic computer},
	author = {Lejaren A. Hiller and Leonard M. Isaacson},
	year = {1959},
	publisher = {McGraw-Hill Book Company},
	address = {New York/Toronto/London},
	EOE=""
}

@book{MDABook,
	title={Music Data Analysis: Foundations and Applications},
	author={Weihs, Claus and Jannach, Dietmar and Vatolkin, Igor and Rudolph, Günter},
	series={Chapman \& Hall/CRC Computer Science \& Data Analysis},
	year={2019},
	publisher={Taylor \& Francis Group},
	EOE=""
}

%%%%%%%%%%%%%%% Vorlagen %%%%%%%%%%
@book{MidiCSV,
	author = {John Walker},
	title = {{\texttt{MIDICSV} -- translate MIDI file to CSV}},
	year = {2004. Version 1.1, 2008},
	url = {https://www.fourmilab.ch/webtools/midicsv/},
	EOE=""	
}

@PhdThesis{jMIR,
	author = {Cory McKay},
	title = {Automatic music classification with jMIR},
	school = {McGill University},
	address = {Kanada},
	year = {2010},
	EOE=""
}

@article{LimitationsOfComputerMusicEvaluation,
	author = {Loughran, R\'ois\'in and O’Neill, Michael},
	year = {2017},
	title = {Limitations from Assumptions in Generative Music Evaluation},
	volume = {2},
	journal = {Journal of Creative Music Systems},
	hide-doi = {10.5920/JCMS.2017.12},
	EOE=""
}

@inproceedings{Krizhevsky2012,
	author = {Krizhevsky, Alex and Sutskever, Ilya and Hinton, Geoffrey E},
	booktitle = {Advances in Neural Information Processing Systems},
	year = {2012},
	editor = {F. Pereira and C. J. C. Burges and L. Bottou and K. Q. Weinberger},
	publisher = {Curran Associates, Inc.},
	title = {ImageNet Classification with Deep Convolutional Neural Networks},
	hide-url = {https://proceedings.neurips.cc/paper/2012/file/c399862d3b9d6b76c8436e924a68c45b-Paper.pdf},
	volume = {25},
	EOE=""
}

@book{KV,
	author = {{Köchelverzeichnis,} {KV}},
	title = {Chronologisch-thematisches Verzeichnis sämtlicher Tonwerke Wolfgang Amadeus Mozarts. Nebst Angabe der verloren gegangenen, angefangenen, übertragenen, zweifelhaften und unterschobenen Compositionen desselben},
	publisher = {Breitkopf \& Härtel},
	address = {Wiesbaden},
	year = {1862/1965},
	EOE=""
}


@incollection{KunstDerFuge,
	author = {Johann Sebastian Bach},
	title = {{D}ie {K}unst der {F}uge},
	year = {1751},
	booktitle = {Bach Werke Verzeichnis, BWV~1080},
	EOE=""
}
